<record><leader>00000cas a2200000 a 4500</leader><controlfield tag="001">12703949</controlfield><controlfield tag="008">851022d18831894ksuwr ne      0    0eng d</controlfield><datafield ind1=" " ind2=" " tag="010"><subfield code="a">sn 85032738 </subfield></datafield><datafield ind1=" " ind2=" " tag="040"><subfield code="a">KSH</subfield><subfield code="b">eng</subfield><subfield code="c">KSH</subfield><subfield code="d">NPT</subfield><subfield code="d">OBN</subfield><subfield code="d">OCL</subfield><subfield code="d">OCLCQ</subfield><subfield code="d">OCLCF</subfield><subfield code="d">OCLCO</subfield></datafield><datafield ind1="1" ind2=" " tag="029"><subfield code="a">AU@</subfield><subfield code="b">000022166895</subfield></datafield><datafield ind1=" " ind2=" " tag="042"><subfield code="a">msc</subfield></datafield><datafield ind1=" " ind2=" " tag="043"><subfield code="a">n-us-ks</subfield></datafield><datafield ind1="0" ind2="4" tag="245"><subfield code="a">The Caldwell journal.</subfield></datafield><datafield ind1="3" ind2=" " tag="246"><subfield code="a">Caldwell weekly journal</subfield></datafield><datafield ind1=" " ind2=" " tag="260"><subfield code="a">Caldwell, Kan. :</subfield><subfield code="b">Caldwell Print. &amp; Pub. Co.</subfield></datafield><datafield ind1=" " ind2=" " tag="300"><subfield code="a">v.</subfield></datafield><datafield ind1=" " ind2=" " tag="310"><subfield code="a">Weekly</subfield></datafield><datafield ind1="0" ind2=" " tag="362"><subfield code="a">Vol. 5, no. 20 (May 17, 1883)-v. 15, no. 37 (Feb. 22, 1894).</subfield></datafield><datafield ind1=" " ind2=" " tag="500"><subfield code="a">"A livestock and farmer's journal; republican in politics."</subfield></datafield><datafield ind1=" " ind2="0" tag="651"><subfield code="a">Caldwell (Kan.)</subfield><subfield code="v">Newspapers.</subfield></datafield><datafield ind1=" " ind2="0" tag="651"><subfield code="a">Sumner County (Kan.)</subfield><subfield code="v">Newspapers.</subfield></datafield><datafield ind1=" " ind2="7" tag="655"><subfield code="a">Newspapers.</subfield><subfield code="2">fast</subfield><subfield code="0">(OCoLC)fst01423814</subfield></datafield><datafield ind1=" " ind2="7" tag="651"><subfield code="a">Kansas</subfield><subfield code="z">Caldwell.</subfield><subfield code="2">fast</subfield><subfield code="0">(OCoLC)fst01210471</subfield></datafield><datafield ind1=" " ind2="7" tag="651"><subfield code="a">Kansas</subfield><subfield code="z">Sumner County.</subfield><subfield code="2">fast</subfield><subfield code="0">(OCoLC)fst01206233</subfield></datafield><datafield ind1=" " ind2=" " tag="752"><subfield code="a">United States</subfield><subfield code="b">Kansas</subfield><subfield code="c">Sumner</subfield><subfield code="d">Caldwell.</subfield></datafield><datafield ind1="0" ind2="4" tag="780"><subfield code="t">Caldwell post</subfield><subfield code="w">(DLC)sn 85032727</subfield><subfield code="w">(OCoLC)12703778</subfield></datafield><datafield ind1="0" ind2="4" tag="780"><subfield code="t">Caldwell commercial</subfield><subfield code="w">(DLC)sn 85032726</subfield><subfield code="w">(OCoLC)12703803</subfield></datafield><datafield ind1="0" ind2="0" tag="785"><subfield code="t">Caldwell weekly advance</subfield><subfield code="w">(DLC)sn 85032729</subfield><subfield code="w">(OCoLC)12703758</subfield></datafield></record>